<record><leader>00000cas a22000007a 4500</leader><controlfield tag="001">17758102</controlfield><controlfield tag="008">880408d19391966nyuwr ne      0    0eng d</controlfield><datafield ind1=" " ind2=" " tag="010"><subfield code="a">sn 88074240 </subfield></datafield><datafield ind1=" " ind2=" " tag="040"><subfield code="a">NYS</subfield><subfield code="b">eng</subfield><subfield code="c">NYS</subfield><subfield code="d">OCLCQ</subfield></datafield><datafield ind1=" " ind2=" " tag="042"><subfield code="a">msc</subfield></datafield><datafield ind1="0" ind2="0" tag="245"><subfield code="a">Avon herald-news.</subfield></datafield><datafield ind1="3" ind2="0" tag="246"><subfield code="a">Avon herald-news and the Rush Henrietta edition</subfield></datafield><datafield ind1=" " ind2=" " tag="260"><subfield code="a">Avon, N.Y. :</subfield><subfield code="b">Avon Herald News,</subfield><subfield code="c">1939-1966.</subfield></datafield><datafield ind1=" " ind2=" " tag="300"><subfield code="a">v.</subfield></datafield><datafield ind1=" " ind2=" " tag="310"><subfield code="a">Weekly</subfield></datafield><datafield ind1="0" ind2=" " tag="362"><subfield code="a">Vol. 64, no. 49 (Oct. 6, 1939)-v. 92, no. 9 (Nov. 23, 1966).</subfield></datafield><datafield ind1=" " ind2=" " tag="500"><subfield code="a">Published as Avon herald-news and the Rush Henrietta edition on Apr. 21, 1955.</subfield></datafield><datafield ind1=" " ind2=" " tag="525"><subfield code="a">Includes supplement called: Sanders supplement.</subfield></datafield><datafield ind1=" " ind2="4" tag="651"><subfield code="a">Avon (N.Y.)</subfield><subfield code="v">Newspapers.</subfield></datafield><datafield ind1=" " ind2=" " tag="752"><subfield code="a">United States</subfield><subfield code="b">New York</subfield><subfield code="c">Livingston</subfield><subfield code="d">Avon.</subfield></datafield><datafield ind1="0" ind2="0" tag="780"><subfield code="t">Herald-news (Avon, N.Y.)</subfield><subfield code="w">(DLC)sn 88074241</subfield><subfield code="w">(OCoLC)17758550</subfield></datafield><datafield ind1="0" ind2="7" tag="785"><subfield code="t">Rush-Henrietta herald (Rochester, N.Y.)</subfield><subfield code="w">(DLC)sn 88074770</subfield><subfield code="w">(OCoLC)18505805</subfield></datafield><datafield ind1="0" ind2="7" tag="785"><subfield code="t">Rush Henrietta herald and Avon herald-news</subfield><subfield code="w">(DLC)sn 88074239</subfield><subfield code="w">(OCoLC)8695720</subfield></datafield></record>